@article{greenwade93,
    author  = "George D. Greenwade",
    title   = "The {C}omprehensive {T}ex {A}rchive {N}etwork ({CTAN})",
    year    = "1993",
    journal = "TUGBoat",
    volume  = "14",
    number  = "3",
    pages   = "342--351"
}
@online{deinhard24,
    author = {Florian Deinhard},
    title = {Was ist Maven?},
    year = {2024},
    url = {https://www.it-schulungen.com/wir-ueber-uns/wissensblog/was-ist-maven.html},
    urldate = {2024-09-01}
}
@online{architecture21,
    author = {Document},
    title = {Overview},
    year = {2021},
    url = {https://vaadin.com/docs/v8/framework/architecture/architecture-overview},
    urldate = {2021-02-03}
}

@online{liquibase,
    author = {Andreas Willert},
    title = {Einfache Versionskontrolle f√ºr Datenbanken mit Liquibase},
    year = {2021},
    url = {https://www.ixts.de/blog/item/99-einfache-versionskontrolle-fuer-datenbanken-mit-liquibase}
}

@online{liquibase,
    author = {Victoria Puzhevich},
    title = {Funktionel vs. nicht-funktionale Anforderungen: ein Leitfaden mit Definitionen},
    year = {2021},
    url = {https://scand.de/unternehmen/blog/funktionale-vs-nicht-funktionale-anforderungen/},
    urldate = {2021-07-06}
}